% Online

@online{Online:Seedstudio:Groove,
    author = {Seeed Technology Co.{,} Ltd.},
    url = {https://wiki.seeedstudio.com/Grove_System/},
    title = {Grove System},
    lastaccessed = {July 26, 2020},
    year = {2020}
}

@article{Online:TheVerge:DashbuttonDiscontinued,
    author = {Welch, Chris},
    year = {2019},
    month = {February},
    day = {28th},
    title = {Amazon's press-to-order Dash buttons are officially discontinued.},
    journal = {The Verge},
    url = {https://www.theverge.com/2019/2/28/18245315/amazon-dash-buttons-discontinue},
    lastaccessed = {7th August 2020}
}

@article{Online:TheVerge:DashbuttonCourt,
    author = {Kelly, Makena},
    year = {2019},
    month = {January},
    day = {11th},
    title = {German court says Amazon’s Dash buttons violate consumer protection law.},
    journal = {The Verge},
    url = {https://www.theverge.com/2019/1/11/18178419/amazon-germany-court-dash-buttons-antitrust},
    lastaccessed = {7th August 2020}
}

@online{Online:Amazon:DashbuttonFAQ,
    author = {Amazon.com{,} Inc.},
    title = {Frequently Asked Questions about Dash Button},
    url = {https://www.amazon.com/b?ots=1&slotNum=1&imprToken=f6b9e551-97f8-deaf-912&ie=UTF8&node=17437623011&tag=theverge02-20},
    year = {2020},
    lastaccessed = {7th August 2020}
}

@online{Online:Amazon:AWS,
    author = {Informationen zu AWS},
    title = {Frequently Asked Questions about Dash Button},
    url = {https://aws.amazon.com/de/about-aws/},
    year = {2020},
    lastaccessed = {11th August 2020}
}

@article{Online:Amazon:AWSFAQ,
    author = {Weiss, Becky and Mike Furr},
    title = {Static stability using Availability Zones},
    url = {https://aws.amazon.com/builders-library/static-stability-using-availability-zones/},
    year = {2019},
    publisher = {Amazon Web Services{,} Inc.},
    numpages = {10},
    lastaccessed = {9th August 2020}
}

% Paper

@inproceedings{Nielson:UsabiltyHeuristics:1994,
    author = {Nielsen, Jakob},
    title = {Enhancing the Explanatory Power of Usability Heuristics},
    year = {1994},
    isbn = {0897916506},
    publisher = {Association for Computing Machinery},
    address = {New York, NY, USA},
    url = {https://doi.org/10.1145/191666.191729},
    doi = {10.1145/191666.191729},
    booktitle = {Proceedings of the SIGCHI Conference on Human Factors in Computing Systems},
    pages = {152–158},
    numpages = {7},
    keywords = {usability problems, heuristic evaluation},
    location = {Boston, Massachusetts, USA},
    series = {CHI ’94}
}

@article{Wollschlaeger:IoTIndustry4.0:2017,
    author = {Wollschlaeger, Martin and Sauter, Thilo and Jasperneite, Juergen},
    journal = {IEEE Industrial Electronics Magazine},
    title = {The Future of Industrial Communication: Automation Networks in the Era of the Internet of Things and Industry 4.0},
    year = {2017},
    volume = {11},
    number = {1},
    pages = {17-27},
    doi = {10.1109/MIE.2017.2649104},
    ISSN = {1941-0115},
    month = {March},
}

% Bücher

@book{Norman:EverydayThings:2013,
    author = {Norman, Donald A.},
    title = {The design of everyday things},
    publisher = {Basic Books},
    year = {2013},
    address = {New York, NY, USA},
    edition = {3rd},
    isbn = {9780465050659}
}

@inbook{Adryan:TechFound-Components:2017,
    author = {Adryan, Boris and Obermaier, Dominik and Fremantle, Paul},
    isbn = {9781630812515},
    publisher = {Artech House},
    series = {ITpro Collection},
    title = {The Technical Foundations of IoT.},
    address = {Norwood, MA, USA},
    year = {2017},
    chapter = {Components of M2M and IoT.},
    pages = {129--136}
}

@inbook{Adryan:TechFound-Network:2017,
    author = {Adryan, Boris and Obermaier, Dominik and Fremantle, Paul},
    isbn = {9781630812515},
    publisher = {Artech House},
    series = {ITpro Collection},
    title = {The Technical Foundations of IoT.},
    address = {Norwood, MA, USA},
    year = {2017},
    chapter = {Network Protocols: Internet and IoT.},
    pages = {301--343}
}

% Normen

@techreport{ISO:9241-110:2020,
    type = {Standard},
    key = {ISO 9241-110},
    month = {05},
    year = {2020},
    title = {Ergonomics of human-system interaction -- Part 110: Interaction principles},
    volume = {2008},
    edition = {2nd},
    address = {Geneva, CH},
    pages = {30},
    institution = {International Organization for Standardization}
}

@techreport{ISO:20924:2018,
    type = {Standard},
    key = {ISO/IEC 20924},
    month = {12},
    year = {2018},
    title = {Information technology -- Internet of Things (IoT) -- Vocabulary},
    volume = {2008},
    edition = {1st},
    address = {Geneva, CH},
    pages = {8},
    institution = {International Organization for Standardization}
}

@techreport{ISO:20922:2016,
    type = {Standard},
    key = {ISO/IEC 20922},
    month = {06},
    year = {2016},
    title = {Information technology -- Message Queuing Telemetry Transport (MQTT) v3.1.1},
    edition = {1st},
    address = {Geneva, CH},
    pages = {86},
    institution = {International Organization for Standardization}
}
